2670 3316
406 154 2034 166 à part deux fautes d'orthographe, on ne ΩΩ

381 287 2051 130 ΩΩ trouve rien qui sente

411 389 1993 141 le tablier de peau. Le peuple de Paris progresse

406 483 2062 144 étrangement, il faut l'avouer. J'avais, m'a-t-on dit,

433 574 2084 163 parmi les auditeurs, une Vingtaine d'aveugles, entre autres

422 679 2079 169 Ω Arago le voyageur (frère de l'astronome) qui se sont

417 804 2065 143 livrés aux démonstrations les plus bizarres. Pour moi, j'avais

433 881 2035 182 la gorge en feu, une crampe au bras droit (j'ai du conduire

433 983 1938 172 alors de la main gauche) et une sorte de bourdonnement

450 1088 2059 180 interne qui m'empéchait de rien entendre. J'etais comme

489 1182 1893 205 Je me figure que doivent être les artilleurs de marine,

469 1282 2068 204 dans l'entrepont d'une frégate, pendant le combat : moins

480 1459 398 113 la mort.

516 1497 1938 183 Henriette et Louis rayonnaient, Ω tu peux le penser ; Ω

516 1619 1880 171 ΩΩ l'action sera-t-elle aussi

525 1724 2015 177 chaude ΩΩ au second concert ? il faut l'espérer,

1224 1832 343 88 en pareil cas

536 1826 1993 196 mais j'ai toujours peur qu'il n'en soit rien, deux fois de

522 1975 807 138 suite — c'est trop beau.

544 2072 1863 163 On me demande de Bordeaux pour y organiser et

569 2174 1808 152 diriger un Festival au mois de septembre, on

583 2288 1796 132 construira une salle exprès, il y aura six cents

599 2376 1780 171 exécutans, la ville donnera trente mille francs ;

605 2503 1785 144 je n'ai encore reçu qu'une communication officieuse,

649 2608 1719 147 j'attends la lettre officielle. Probablement cela

608 2708 1769 160 s'arrangera, alors en avant le Lacrymosa, et le

597 2832 1785 141 grand tremblement du Requiem, et le final

605 2934 1918 144 de Romeo et Juliette ! avec quatre-cents voix on peut

627 3045 1415 152 dire convenablement ces ΞchansonsΞ là.

315 483 190 2540 Je laisse chômer la None, sa lampe n'a plus d'huile ; Scribe ne me

212 497 210 2526 donne toujours pas le 9éme acte, et d'ailleurs rien ne presse maintenant ;

99 505 207 2639 l'opèra n'est pas en fonds de chanteurs ; Duprez n'a plus que six ou sept notes

63 1442 166 1343 et les autres en ont trop. H. Berlioz
