4266 6445
445 1761 3101 264 Je te remercie de ta bonne lettre, il ne faut pas

553 1992 3132 247 m'en vouloir de la lenteur de mes réponses, tu sais

564 2207 3401 252 à peu près pourquoi. Le grand Festival que j'organise

558 2427 3149 263 pour la fin de Juillet est une chose monstrueuse

515 2626 3197 295 de difficultés ; j'espère pourtant en venir à bout

510 2856 3342 269 je n'ai guère d'autre inquietude que du côté de la

531 3056 3364 311 recette qui doit nécessairement être monstrueuse aussi

510 3303 3175 338 pour que j'y puisse gagner quelque chose. Enfin

521 3560 3299 264 c'est une bataille à livrer. mais mon intérieur

515 3764 3310 285 est toujours plus horrible ; il n'y a pas un seul

531 3958 3015 252 instant de répit maintenant. J'ai loué un

526 4157 3084 322 appartement à la campagne, elle y a demeuré

462 4398 3524 269 quinze jours et à son retour mon supplice a recommencé.

494 4597 3283 274 Cette existence est impossible, ce sont des cris et

478 4806 3272 280 des injures et des malédictions et des imprécations

542 4994 3254 293 et des récriminations si revoltantes, si absurdes,

483 5241 3349 354 qu'il y aurait de quoi me faire devenir enragé

494 5448 3272 271 si je ne savais à quoi attribuer cette démence.

505 5682 3164 306 Une habitude aujourd'hui invétérée, celle de

660 1258 785 224 Chère sœur
