4266 2936
276 137 1672 134 par A. Charbonnel pour eviter une nouvelle erreur ;

291 242 1698 120 j'ai Ω averti Crouillebois que nous n'aurions plus rien

271 408 1689 49 a démeler ensemble, il prétend que papa a reçu les deux

266 420 1750 120 volumes de Michaud a présent, comme c'est dans l'ordre des

266 516 1799 122 choses possibles je n'ai pas osé en faire partir deux autres ;

261 614 1821 127 je ne lui ai pas encor payé ce que je lui dois parce que

252 694 1669 130 mes finances n'auroit pas pu me conduire assez loin.

237 790 1757 134 Sur les 200₶ que papa m'a envoyé le 15 avril et que

259 883 1718 115 j'aurais du recevoir le 1ΞrΞ du même mois ; J'ai dépensé 28₶ pour

271 959 1789 129 l'abbonnement au journal de médecine 11₶ pour ton Racine 11₶ 50c

291 1039 1784 137 qui etoient dus a Alphonse pour les commissions de papa 1₶ 80c

313 1125 1657 122 pour la vie de Beclard total 52₶ et quelques centimes ;

279 1211 1754 129 il m'est resté pour moi Ω 150₶ pour les mois d'avril

274 1296 1742 137 mai et Juin que nous venons de commencer et que je

254 1387 1481 137 ne pourrais pas finir. Si je payois Crouillebois.

313 1487 1669 132 En voilà assez sur les finances. Tu ne me parles

310 1585 1623 117 jamais de tes lectures, je pense assez bien de toi

305 1678 1743 130 pour croire que tu possedes a fond ton Walter Scott

276 1778 1726 130 ce geant de la litterature Anglaise ; mais Cooper,

283 1871 1682 130 connais tu Cooper le Walter Scott americain ?

266 1959 1797 150 Sans egaler ni même approcher son modèle pour la peinture

286 2055 1681 147 des caractères et les dialogues on ne peut se refuser a

279 2143 1759 154 l'admiration de ses tablaux de la nature sauvage, et

181 2228 1884 167 a l'intérét qu il sait répandre sur ses principaux personnages ;

259 2326 1821 179 Entre autres il y en a un qui figure dans trois ouvrages

274 2431 1796 162 c'est le fameux chasseur ΞNatty bumpoΞ ; un caractere

291 2527 1679 154 unique, un Européen qui par gout pour la solitude

293 2632 1711 162 s'est fait sauvage ou a peu près, un philosophe

2237 144 1884 142 du Désert. Il figure Dabord dans ΞLe dernier desΞ Mohicans

2219 264 1878 125 dans les Pionnniers, et enfin dans La ΞprairieΞ. Tel est

2219 369 1902 115 l'ordre dans le quel il faut lire ces trois romans ; a mesure

2246 452 1809 120 qu'on avance on s'attache davantage au chasseur, et sa mort

2244 535 1831 135 a la quelle on doit s'attendre puisqu'il a 90 ans produit

2219 619 1887 151 sur le ΦquelΦ lecteur une impression ΦqueΦ dont je ne puis te donner une

2347 704 1769 162 idée. La ΞprairieΞ ayant paru il y a un mois seulement

2214 812 1787 142 je l'ai devorée incontinent, et arrivé au dénouement Ω

2234 893 1760 156 a sept heures du soir, j' étais encor a 11 heures pleurant

2202 983 1824 157 sur le piedestal d'une colonne du Pantheon. Je t'engage a

2486 1081 1469 139 π tous les trois, tu en seras certainement contente

2491 1193 1128 142 π plusieurs taches assez apparentes.

2214 1291 1858 152 J' aurais a te parler aussi de bien des choses relatives

2217 1394 1885 147 a mon art, et a un succès que j'ai obtenu dernièrement

2210 1487 1830 130 dans une composition instrumentale, mais comme ce sont

2214 1573 1883 164 choses inconnues pour toi, tu ne t'y interesserois guère faute

2222 1671 1784 134 de pouvoir me comprendre. Ah que ne puis-je t'apprendre

2234 1759 1730 142 la musique, que de sensations neuves et fortes tu eprouverois,

2224 1857 1290 144 tu ne te doutes pas de l'existence.

2388 1969 1339 135 Adieu ma chère Sœur embrasse pour moi

2459 2045 1437 132 adèle et Prosper, et donne moi des nouvelles

2352 2135 1637 142 de papa et de maman pour laquelle je crains bien

2347 2228 1666 140 la fatique des vers a soie, heureusement qu'elle a

2303 2324 1510 130 eu toi une aide Ω Ω

2858 2392 1146 98 qui doit lui être d'un grand secours.

2523 2502 631 194 H. Berlioz

2635 2657 931 154 Paris ce 4 Juin 1827
