4266 5820
567 1212 1117 335 Ma chère Sœur

397 1872 3427 286 Tout en ayant l'air de n'y pas toucher tu m'ecris de

344 2095 3659 266 temps en temps des lettres charmantes, qui m'embarrassent fort,

422 2313 3363 247 quand il faut y répondre ; je suis si préoccuppé Ω par

363 2488 3704 252 Ω mon travail et par mille idées qui fermentent dans ma

441 2686 3553 257 tête, que je suis tout a fait impropre au style gracieux

436 2846 3597 296 et affectueux dont tu te sera envers moi. J'essayerois vainement

490 3026 3577 286 de le prendre ; si je veux le tenter, je commence par reflechir

417 3220 3679 271 un peu, puis a arracher quelques barbes de ma plume, comme

412 3394 3499 287 on fait en pareil cas, ensuite a appuyer ma tête sur ma

431 3579 3534 291 main, a rêver, et enfin Ω a oublier que je t'écris ; je resterois

431 3768 3422 310 quelques fois longtemps dans cet etat, sans les oscillations du

451 3972 3276 271 pendule de mon horloge, qui se faisait remarquer dans un

397 4137 3480 271 instant ou la preoccuppation est moins forte, me font jetter

402 4297 3475 300 les Ω yeux sur l'aiguille, qui me rappelle l'heure de la poste

402 4529 3368 233 et me fait achever ma lettre.

587 4743 2528 204 J'acheve donc, en style bourgeois.

470 4888 3490 277 D abord il me faut  rendre compte a papa de ses commissions.

436 5048 3432 335 M Baillère m'a donné le cayer de janvier que j'envoie
