5128 3296
274 178 2127 168 peau d'un académicien avant de l'avoir mis en terre. C'est le

283 313 2204 145 tour de De Vigny dans ce moment Ω, il est en compétition avec

280 420 2094 129 le baron Pasquier ; il parait certain que M. Pasquier sera

283 530 2237 151 nommé ; ΩΩ qu'a-t-il fait ? Dieu ne ne le sait pas.

310 642 2190 160 Halevy m'épaulera solidement aussi, quand l'ours etc,. Ω

329 738 2163 201 Ω J'ai, à mes risques et périls, lancé à pleines voiles son

360 870 2000 173 opéra de la Reine de Chypre, par un feuilleton dont

1066 966 472 91 très puissante

340 983 2133 181 l'influence a été ΩΩ sur le public

332 1065 2223 206 Parisien. Il en est on ne peut plus heureux et reconnaissant. (Halevy)

354 1175 2155 195 Le directeur n'est pas, lui, tout à fait si content, à cause

368 1271 2135 212 de quelques mots que j'ai lâchés sur Ξsa ReineΞ dont

381 1414 2029 176 le despotisme empéchait les représentations du Freyschütz.

373 1513 2141 176 Je l'ai emporté, Ξla ReineΞ a été obligée de céder son role

1305 1593 775 101 Freyschütz va reparaitre

390 1631 2102 157 à Mme Nathan. et le ΩΩ

379 1735 2152 193 de temps en temps. (On le joue demain) à propos du

447 1845 2092 171 Freyschütz, ΞMme WeberΞ m'a ecrit dernierement, afin

423 1961 2033 162 d'obtenir de l'opéra une représentation à son bénéfice ;

442 2070 2020 152 je n'ai pu la lui faire accorder. La veuve et les enfants

450 2172 1957 157 du Ω sublime inventeur sont fort pauvres, comme

447 2257 1993 195 de raison ! Soyez donc poëte ! Auber a des chevaux, des

447 2364 1905 182 maisons de ville, des maisons de Campagne, tous les

475 2447 1871 211 embarras du luxe ; Il ne mourra pas d'une Ω

483 2565 1924 198 rupture du cœur...... il ne fera pas Oberon, non plus ;

494 2667 1971 186 il mourra sans avoir vécu ; il ne voit, ni n'entend ; il

497 2771 1880 200 n'aime pas la musique, qui le paye bien de retour.

623 2886 1800 206 J'ai rencontré Hugo, cet après midi, et tout

549 2988 1973 203 en causant sur son dernier livre Le Rhin, il m'a fait

2646 131 2281 184 arpenter les bordes de la Seine, aux champs Elysées, si longtemps

2704 291 799 123 que j'en suis exténué.

2698 381 2267 143 Tu sais que j'ai donné un grandissime concert mardi dernier.

2712 497 2215 121 Vous ne serez jamais ici, ni père, ni oncle, ni soeurs, ni

2759 579 2182 146 beau-frères, quand il m'arrivera un bonheur comme celui-là ;

2734 686 2245 162 C'est écrit ! Tu ne peux te figurer les cris, les pleurs, les

2778 810 2174 148 transports de toute espèce qu'a excité l'apotheose de

2778 922 2207 157 ma symphonie militaire, que je viens de réinstrumenter pour

2767 1019 2160 159 deux orchestres. Au moment de l'eclat du second orchestre

2764 1123 2146 181 (d'instruments à cordes) une partie de l'auditoire s'est levée Ω

2767 1241 2113 168 dans une agitation fébrile et les deux cents musiciens

2803 1334 2132 176 ne pouvaient plus se faire entendre, telle etait la force du

2805 1439 2166 170 Ω Hourra que rien n'a pu contenir. On me raconte depuis lors

2822 1532 2185 181 une foule de traits curieux de ce moment de vertige nerveux.

2797 1628 2174 204 Si mon père s'était trouvé là, avec vous tous, et mon oncle,

2841 1744 2108 170 et les souvenirs de l'empire, et la pensée plus active encore

2874 1837 2075 181 (puisqu'elle se rattache à l'œuvre) des trois jours où l'on

2855 1958 2083 165 se tuait si Ω bravement dans les rues de Paris, il

2863 2068 2102 151 aurait éprouvé, sans doute, une impression qui ne lui est pas

2869 2161 2132 154 encore connue. La salle était splendide et pleine jusqu'aux

2607 2260 2309 201 derniers degrés de l'escalier de la porte. Malgré les frais du

2690 2386 2154 157 double orchestre et de la nouvelle copie j'y gagne encore ;

2984 2510 198 91 de copie

2728 2510 2199 146 Ces frais seront Ω moins Ω au prochain concert ; il aura

2742 2573 2259 203 lieu mardi 15 fevrier. Parmi les lettres que j'ai reçues là depuis

2789 2708 2135 165 ΩΩ je choisis, pour te l'envoyer, celle d'un jeune ouvrier

2783 2818 2116 162 ébéniste qui a eu la singulière et délicate idée d'ecrire

2819 2908 2083 173 à Henriette et non à moi. C'est notre cuisinière qui a eté

2833 3037 2080 160 chargée par lui de nous Ω remettre ces deux pages où
