4266 2855
295 147 1729 124 mais toi tu dois avoir des nouvelles a me donner, de

302 264 1756 130 la santé de papa de maman, de l'arrivée de mon oncle,

321 337 1713 150 de notre grand père ; tu as peut être attendu le depart

318 468 1666 126 des jeunes voyageurs qui sont sur le point de venir dans

309 566 1727 121 la capitale, en ce cas je ne dois pas m'impatienter longtemps .

354 659 1649 145 Pendant que j'y pense, il faut que je te prie de

335 775 1658 117 faire observer a papa que je n'ai point de parapluie

359 861 1722 138 ni de bois pour cet hiver, et que je ne sais comment avec

366 980 1411 109 cent francs par moi je pourrais m'en procurer.

599 1044 1332 138 Alphonse est très affligé que papa l'accuse

397 1146 1592 131 d'inexactitude, toutes ses commissions sont faites depuis

416 1232 1554 157 longtemps, et ce n'est pas sa faute Ω si elles ne

375 1348 1661 141 sont pas Ω encore arrivées ; au reste je le laisse

378 1441 1097 122 s'expliquer lui même.

806 1532 1109 126 Adele m'avoit promis de m'ecrire je

594 1610 1504 133 la prie de le faire et de ne pas me gronder aussi.

513 1739 1399 131 Adieu ma chère sœur je t'embrasse et

521 1827 1548 152 suis Ξpour la vie ton frèreΞ et ton ami H.B.
