4266 5683
838 430 1295 318 Paris le 4 Novembre

573 1629 1413 317 Mais que t'ai — je donc

2166 1629 1682 270 fait — a toi , pour que tu ne

507 1927 3365 270 m'ecrives plus ; je n'ai pourtant pas reçu un mot de

559 2112 3299 293 toi depuis ta lettre de grenoble ; tu me repondras avec

573 2344 3432 274 raison, que je n'ai pas ecrit depuis longtemps , mais

521 2538 3289 251 considere donc ma , chere sœur, combien ma tache est

564 2723 3237 270 difficile ; je ne sais comment la remplir. Quand on

545 2926 3427 265 ecrit a sa famille, il faut parler de soi ; quand on parle

578 3120 3417 275 de soi il doit necessairement être question de ce qu'on fait

583 3296 3417 303 de ce qu'on pense, de ce qu'on desire ; papa et maman

492 3509 3375 289 sont fachés contre moi, sans que je leur ai donné, cette

559 3712 3304 247 année, de sujet de mecontentement de plus que l'an passé,

540 3897 3394 256 Ω a moins qu'ils ne me regardent comme très coupable de

559 4077 3413 275 persister dans ma resolution et d'user du temps qui m'a été

578 4276 3356 256 accordé ; Ils ne veulent pas entendre dire un mot qui se

611 4461 3294 284 rapporte a la musique, en ce cas comme cet art est le

578 4702 3384 275 principe de mes actions de mes pausess de mes desirs, j' ai

601 4892 3375 260 la bouche fermée et ne sais comment remplir mes lettres.
