2629 3276
1113 147 582 237 ΞSamedi 5 févrierΞ

324 693 2149 153 J'ai ce soir un atroce feuilleton à faire sur un grand petit-opèra

354 810 2034 129 d'Auber ; c'est de la musique de marchandes de modes Ω chantée

363 900 2033 145 par des grisettes et des commis- ΩΩ voyageurs ; je dirai

363 1007 2099 136 Ω que c'est Ξassez agréableΞ, sans ajouter Ξpour les modistesΞ. Quelles

363 1111 2134 139 corvées ?! ainsi vais-je renvoyer le feuilleton à demain et me donner

1941 1214 275 99 à Grenoble

346 1212 2056 125 le plaisir de vous écrire, à vous autres qui dansez et qui vous

354 1313 2138 133 inquiètez peu de ce qu'on chante à Paris. Il y à longtemps en effet

384 1422 2083 125 que nous n'avons eu ensemble la moindre causerie...... j'ai tant

393 1523 1946 136 écrit, Ω le mois dernier ; dans la Gazette musicale, dans les

376 1621 2015 148 Débats et ailleurs....... je ne puis pas te raconter les bals

374 1728 2003 150 de Paris, tu sais que je ne vais pas Ω même à

384 1842 1931 150 ceux de l'opéra ; Ω et les invitations nous pleuvent.

393 1946 2023 183 Henriette ne sort jamais, et je suis très tourmenté par elle

395 2058 2018 218 parce que je sors toujours. Il faut pourtant bien faire mes

395 2170 2018 199 affaires, voir mon monde ; ces courses continuelles ont

425 2271 1982 180 un autre facheux résultat ; celui de me ruiner en cabriolets.

434 2372 1943 194 Spontini, qui etait dernierement ici, me disait : mon dieu

412 2481 1930 213 quelle existence on mène à prèsent à Paris ! mais vous

1883 2552 101 98 Ω

436 2585 1985 207 n'avez pas une heure de repos, les uns ni les autres ;

420 2702 2037 202 C'est un enfer !"—  Il a, avant de repartir, préparé

425 2833 2064 186 de son mieux ma voie pour l'institut, Ω en supposant

428 2940 1998 229 qu'une place sera bientôt vaccante. Nous vendons ainsi la
