4266 3285
369 335 1564 165 notre sœur. Je crois qu'elle

350 492 1531 170 sera tout à fait heureuse

375 662 1615 123 avec lui. Mais St Chamond !... quel

364 821 1670 137 séjour !.... J'ai une idée vague d'un

350 952 1588 145 projet de Suat de venir à Paris

369 1086 1569 184 après le mariage. Tache

375 1245 1560 156 donc de le pousser à ça.

383 1393 1574 137 Ton mari renonce-t-il à t'y

407 1533 1600 139 amener ?... Si la chose se pouvait,

424 1642 1547 175 vous devriez retarder le voyage jusqu'au mois

413 1801 1662 142 de Novembre, car Paris ne signifie

407 1938 1567 142 pas grand chose en été. Nous

399 2061 1676 189 ferions une assemblée de famille

438 2217 1448 159 avant mon départ pour

418 2359 1671 170 l'allemagne et vous pourriez

443 2537 1632 159 assister à la première exécution

460 2693 1563 156 de la grande symphonie avec

495 2846 1638 195 chœurs que je fais en ce moment

2215 159 1514 251 sur Romeo et Juliette.

2231 411 1689 144 Il faudra que j'ecrive une grande lettre à

2226 542 1653 150 Camille là dessus ; il y a longtemps

2264 678 1703 140 que je veux me donner ce plaisir là, mais

2239 796 1531 142 le temps me manque. Je te quitte

2245 936 1580 126 à présent pour courir relancer

2193 1045 1550 173 Mr De Montalivet qui m'a promis

2436 1174 1641 189 π te fois une pension queΩ trente

2354 1330 1556 142 π n'ai pu obtenir encore et je

2242 1453 1632 156 qu'il peut toujours me donner puisqu'il

2237 1568 1642 153 est toujours en position de signer

2256 1694 1163 140 un acte ministériel.

2272 1823 1665 145 Avec ces quinze cent francs là, ceux

2275 1943 1613 137 de ma place du conservatoire et ce

2272 2072 1638 148 que me rapportent mes feuilletons, la

2289 2203 1656 140 vente de ma musique, Ω mes concerts

2283 2324 1676 145 avec ouvrages nouveaux, et les droits

2269 2428 1717 164 d'auteur de Benvenuto qu'on ΞéventreΞ

2280 2573 1753 180 à l'opéra, mon affaire serait faite.

2456 2715 1544 159 Oh les ignobles gredins comme ils

2283 2841 1832 151 m'ont exécuté à la derniere représentation

2316 2948 1834 186 il n'y a que l'affreuse exécution de Don Juan

2064 440 178 2601 qui se puisse compa π un pareil charivari. Et le public

221 509 149 2587 Quand tu m'écriras donne moi quelques détails sur l'etat de mon père

109 602 159 1598 dont tu ne m'as pas parlé la dernière fois.

1996 470 145 1780 est là qui ne dit rien..... H. Berlioz
