4266 3384
262 197 1749 203 endurer plus longtems le supplice

282 358 1182 177 qui a failli me tuer.

317 550 1804 169 Je pense que mon père me comprendra

293 688 1639 186 mieux que toi ; que viens tu me

313 862 1774 175 dire d'adèle ?.. en quoi cela peut-

284 1032 1722 183 il lui nuire ; ah mais je ne

347 1183 1698 142 sais où j'ai la téte de combattre

307 1302 1055 203 de pareilles raisons.

307 1472 1605 228 Dans tous les cas possible

327 1672 1710 225 ma résolution est Ξa toute epreuveΞ.

343 1844 1665 214 ΞElleΞ a de son côté une terrible

369 2027 1532 195 opposition a soutenir et une

330 2179 1611 206 opposition ΞprésenteΞ et de tous les

310 2343 1605 166 instans du jour. Elle a bien des

338 2504 1504 163 chagrins a essuyer a cause de moi

344 2633 1695 167 mais je suis en avance sous ce rapport

332 2746 1547 181 a son egard. Cependant je crois

349 2898 1552 209 que c'est assez ; j'ai eu ma

2468 194 1417 192 part de souffrance et je

2516 371 1450 243 Ξn'en veux plusΞ.

2245 659 1688 187 A l'avenir je n'ouvrirai pas tes

2276 789 1713 217 lettres si la prochaine est sur

2316 972 872 156 le même ton.

2347 1150 1509 189 Adieu chère bonne sœur, adieu,

2307 1311 1603 208 puisse tu comprendre qu'il n'y a

2293 1466 1688 209 pas de choses plus dangereuse pour

2313 1627 1637 163 nous tous que de me contrarier.

2257 1773 1625 184 C'est comme si on voulait arreter

2296 1914 1524 201 au vol un boulet de canon.

2635 2072 767 316 H Berlioz

2680 2439 511 220 5 fevrier
